@inproceedings{zhou2017unsupervised,
  title={Unsupervised learning of depth and ego-motion from video},
  author={Zhou, Tinghui and Brown, Matthew and Snavely, Noah and Lowe, David G},
  booktitle={Proceedings of the IEEE Conference on Computer Vision and Pattern Recognition},
  pages={1851--1858},
  year={2017}
}
@article{yang2017unsupervised,
  title={Unsupervised learning of geometry with edge-aware depth-normal consistency},
  author={Yang, Zhenheng and Wang, Peng and Xu, Wei and Zhao, Liang and Nevatia, Ramakant},
  journal={arXiv preprint arXiv:1711.03665},
  year={2017}
}
@inproceedings{yang2018lego,
  title={Lego: Learning edge with geometry all at once by watching videos},
  author={Yang, Zhenheng and Wang, Peng and Wang, Yang and Xu, Wei and Nevatia, Ram},
  booktitle={Proceedings of the IEEE Conference on Computer Vision and Pattern Recognition},
  pages={225--234},
  year={2018}
}
@article{casser2018depth,
  title={Depth Prediction Without the Sensors: Leveraging Structure for Unsupervised Learning from Monocular Videos},
  author={Casser, Vincent and Pirk, Soeren and Mahjourian, Reza and Angelova, Anelia},
  journal={arXiv preprint arXiv:1811.06152},
  year={2018}
}
@article{furukawa2010accurate,
  title={Accurate, dense, and robust multiview stereopsis},
  author={Furukawa, Yasutaka and Ponce, Jean},
  journal={IEEE transactions on pattern analysis and machine intelligence},
  volume={32},
  number={8},
  pages={1362--1376},
  year={2010},
  publisher={IEEE}
}

@article{chen2017rethinking,
  title={Rethinking atrous convolution for semantic image segmentation},
  author={Chen, Liang-Chieh and Papandreou, George and Schroff, Florian and Adam, Hartwig},
  journal={arXiv preprint arXiv:1706.05587},
  year={2017}
}
@inproceedings{deeplabv3plus2018,
  title={Encoder-Decoder with Atrous Separable Convolution for Semantic Image Segmentation},
  author={Liang-Chieh Chen and Yukun Zhu and George Papandreou and Florian Schroff and Hartwig Adam},
  booktitle={ECCV},
  year={2018}
}
@inproceedings{malik1996modeling,
  title={" Modeling and rendering architecture from photographs: A hybrid geometry and image-based approach},
  author={Malik, PE Debevec’CJ Taylor’J and Debevec, Paul E and Taylor, Camillo J},
  booktitle={Proc. ACM SIGGraph},
  volume={96},
  pages={11--20},
  year={1996}
}
@article{fitzgibbon2005image,
  title={Image-based rendering using image-based priors},
  author={Fitzgibbon, Andrew and Wexler, Yonatan and Zisserman, Andrew},
  journal={International Journal of Computer Vision},
  volume={63},
  number={2},
  pages={141--151},
  year={2005},
  publisher={Springer}
}
@article{DBLP:journals/tog/ZitnickKUWS04,
  author    = {C. Lawrence Zitnick and
               Sing Bing Kang and
               Matthew Uyttendaele and
               Simon A. J. Winder and
               Richard Szeliski},
  title     = {High-quality video view interpolation using a layered representation},
  journal   = {{ACM} Trans. Graph.},
  volume    = {23},
  number    = {3},
  pages     = {600--608},
  year      = {2004},
  url       = {https://doi.org/10.1145/1015706.1015766},
  doi       = {10.1145/1015706.1015766},
  timestamp = {Tue, 06 Nov 2018 12:51:25 +0100},
  biburl    = {https://dblp.org/rec/bib/journals/tog/ZitnickKUWS04},
  bibsource = {dblp computer science bibliography, https://dblp.org}
}
@inproceedings{mahajan2009moving,
  title={Moving gradients: a path-based method for plausible image interpolation},
  author={Mahajan, Dhruv and Huang, Fu-Chung and Matusik, Wojciech and Ramamoorthi, Ravi and Belhumeur, Peter},
  booktitle={ACM Transactions on Graphics (TOG)},
  volume={28},
  number={3},
  pages={42},
  year={2009},
  organization={ACM}
}
@inproceedings{shechtman2010regenerative,
  title={Regenerative morphing},
  author={Shechtman, Eli and Rav-Acha, Alex and Irani, Michal and Seitz, Steve},
  booktitle={2010 IEEE Computer Society Conference on Computer Vision and Pattern Recognition},
  pages={615--622},
  year={2010},
  organization={IEEE}
}
@article{DBLP:journals/corr/FlynnNPS15,
  author    = {John Flynn and
               Ivan Neulander and
               James Philbin and
               Noah Snavely},
  title     = {DeepStereo: Learning to Predict New Views from the World's Imagery},
  journal   = {CoRR},
  volume    = {abs/1506.06825},
  year      = {2015},
  url       = {http://arxiv.org/abs/1506.06825},
  archivePrefix = {arXiv},
  eprint    = {1506.06825},
  timestamp = {Mon, 13 Aug 2018 16:47:54 +0200},
  biburl    = {https://dblp.org/rec/bib/journals/corr/FlynnNPS15},
  bibsource = {dblp computer science bibliography, https://dblp.org}
}
@article{olshausen1997sparse,
  title={Sparse coding with an overcomplete basis set: A strategy employed by V1?},
  author={Olshausen, Bruno A and Field, David J},
  journal={Vision research},
  volume={37},
  number={23},
  pages={3311--3325},
  year={1997},
  publisher={Elsevier}
}
@inproceedings{zou2012deep,
  title={Deep learning of invariant features via simulated fixations in video},
  author={Zou, Will and Zhu, Shenghuo and Yu, Kai and Ng, Andrew Y},
  booktitle={Advances in neural information processing systems},
  pages={3203--3211},
  year={2012}
}
@inproceedings{goroshin2015unsupervised,
  title={Unsupervised learning of spatiotemporally coherent metrics},
  author={Goroshin, Ross and Bruna, Joan and Tompson, Jonathan and Eigen, David and LeCun, Yann},
  booktitle={Proceedings of the IEEE international conference on computer vision},
  pages={4086--4093},
  year={2015}
}
@inproceedings{taylor2010convolutional,
  title={Convolutional learning of spatio-temporal features},
  author={Taylor, Graham W and Fergus, Rob and LeCun, Yann and Bregler, Christoph},
  booktitle={European conference on computer vision},
  pages={140--153},
  year={2010},
  organization={Springer}
}
@inproceedings{srivastava2015unsupervised,
  title={Unsupervised learning of video representations using lstms},
  author={Srivastava, Nitish and Mansimov, Elman and Salakhudinov, Ruslan},
  booktitle={International conference on machine learning},
  pages={843--852},
  year={2015}
}
@article{wang2004image,
  title={Image quality assessment: from error visibility to structural similarity},
  author={Wang, Zhou and Bovik, Alan C and Sheikh, Hamid R and Simoncelli, Eero P and others},
  journal={IEEE transactions on image processing},
  volume={13},
  number={4},
  pages={600--612},
  year={2004}
}
@inproceedings{fouhey2013data,
  title={Data-driven 3D primitives for single image understanding},
  author={Fouhey, David F and Gupta, Abhinav and Hebert, Martial},
  booktitle={Proceedings of the IEEE International Conference on Computer Vision},
  pages={3392--3399},
  year={2013}
}